@article{sumers2024cognitivearchitectureslanguageagents,
  title={Cognitive Architectures for Language Agents},
  author={Sumers, Theodore R and Subramonian, Kaivu and Colas, C{\'e}dric and Andreas, Jacob and Steinhardt, Jacob and Doshi-Velez, Finale and Singh, Archit and Russell, Stuart},
  journal={arXiv preprint arXiv:2309.02427},
  year={2024}
} 