@article{sumers2024cognitivearchitectureslanguageagents,
  title={Cognitive Architectures for Language Agents},
  author={Sumers, Theodore R. and Dragan, Anca and Steinhardt, Jacob and Andreas, Jacob},
  journal={arXiv preprint arXiv:2309.02427},
  year={2024}
} 